@article{texbook,
  author = {Donald E. Knuth},
  year = {1986},
  title = {The {\TeX} Book},
  publisher = {Addison-Wesley Professional}
}

@book{ramon,
  author = {Donald E. Knuth},
  year = {1986},
  title = {The {\TeX} Book},
  publisher = {Addison-Wesley Professional}
}

@misc{atlassian,
	author = {Atlassian},
	title = {Atlassian - {W}eb page},
	howpublished = {\url {https://www.atlassian.com/es}},
	year = {2022},
	note = {Fecha de Ãºltimo acceso: 2022-01-18}
}